@manual{sample,
  organization = {TU Dortmund, Fakult√§t Physik},
  title = {Versuch zum Literaturverzeichnis},
  year = 2022
}

@online{wikipedia_population_inversion,
	title        = {Population inversion},
	organization = {Wikipedia},
	urldate      = {2023-04-25},
	url          = {https://en.wikipedia.org/wiki/Population_inversion},
}

@manual{diode_laser_spectroscopy,
	title		 = {Diode Laser Spectroscopy},
	organization = {TU Dortmund},
}

@manual{V46,
	title		 = {V46 -Faraday-Effekt an Halbleitern},
	organization = {TU Dortmund},
}

@manual{V46_Anhang,
	title		 = {Anhang 1, V46 - Faraday-Effekt an Halbleitern},
	organization = {TU Dortmund},
}


@book{GrossMarx2018,
	address = {Berlin, Boston},
	author = {Rudolf Gross and Achim Marx},
	booktitle = {Festk{\"o}rperphysik},
	doi = {doi:10.1515/9783110782394-025},
	isbn = {9783110782394},
	lastchecked = {2023-05-12},
	publisher = {De Gruyter Oldenbourg},
	url = {https://doi.org/10.1515/9783110782394-025},
	year = {2018},
	bdsk-url-1 = {https://doi.org/10.1515/9783110782394-025}}
